
@misc{misra2019selfsupervised_pirl,
      title={Self-Supervised Learning of Pretext-Invariant Representations}, 
      author={Ishan Misra and Laurens van der Maaten},
      year={2019},
      eprint={1912.01991},
      archivePrefix={arXiv},
      primaryClass={cs.CV}
}
@misc{gan,
      title={Generative Adversarial Networks}, 
      author={Ian J. Goodfellow and Jean Pouget-Abadie and Mehdi Mirza and Bing Xu and David Warde-Farley and Sherjil Ozair and Aaron Courville and Yoshua Bengio},
      year={2014},
      eprint={1406.2661},
      archivePrefix={arXiv},
      primaryClass={stat.ML}
}
@misc{jing2019selfsupervised_survey,
      title={Self-supervised Visual Feature Learning with Deep Neural Networks: A Survey}, 
      author={Longlong Jing and Yingli Tian},
      year={2019},
      eprint={1902.06162},
      archivePrefix={arXiv},
      primaryClass={cs.CV}
}
@misc{deepClustering,
      title={Deep Clustering for Unsupervised Learning of Visual Features}, 
      author={Mathilde Caron and Piotr Bojanowski and Armand Joulin and Matthijs Douze},
      year={2019},
      eprint={1807.05520},
      archivePrefix={arXiv},
      primaryClass={cs.CV}
}
@misc{superResolution,
      title={Photo-Realistic Single Image Super-Resolution Using a Generative Adversarial Network}, 
      author={Christian Ledig and Lucas Theis and Ferenc Huszar and Jose Caballero and Andrew Cunningham and Alejandro Acosta and Andrew Aitken and Alykhan Tejani and Johannes Totz and Zehan Wang and Wenzhe Shi},
      year={2017},
      eprint={1609.04802},
      archivePrefix={arXiv},
      primaryClass={cs.CV}
}


@article{contextPrediction,
  author    = {Carl Doersch and
               Abhinav Gupta and
               Alexei A. Efros},
  title     = {Unsupervised Visual Representation Learning by Context Prediction},
  journal   = {CoRR},
  volume    = {abs/1505.05192},
  year      = {2015},
  url       = {http://arxiv.org/abs/1505.05192},
  eprinttype = {arXiv},
  eprint    = {1505.05192},
  timestamp = {Fri, 05 Apr 2019 07:29:46 +0200},
  biburl    = {https://dblp.org/rec/journals/corr/DoerschGE15.bib},
  bibsource = {dblp computer science bibliography, https://dblp.org}
}
@misc{colorization,
      title={Colorful Image Colorization}, 
      author={Richard Zhang and Phillip Isola and Alexei A. Efros},
      year={2016},
      eprint={1603.08511},
      archivePrefix={arXiv},
      primaryClass={cs.CV}
}
@misc{inpainting,
      title={Context Encoders: Feature Learning by Inpainting}, 
      author={Deepak Pathak and Philipp Krahenbuhl and Jeff Donahue and Trevor Darrell and Alexei A. Efros},
      year={2016},
      eprint={1604.07379},
      archivePrefix={arXiv},
      primaryClass={cs.CV}
}
@misc{crossdomain_selfsupervised_multi-task,
      title={Cross-Domain Self-supervised Multi-task Feature Learning using Synthetic Imagery}, 
      author={Zhongzheng Ren and Yong Jae Lee},
      year={2017},
      eprint={1711.09082},
      archivePrefix={arXiv},
      primaryClass={cs.CV}
}
@inproceedings{PixelRNN,
  title={Pixel recurrent neural networks},
  author={Van Oord, Aaron and Kalchbrenner, Nal and Kavukcuoglu, Koray},
  booktitle={International conference on machine learning},
  pages={1747--1756},
  year={2016},
  organization={PMLR}
}
@article{BarlowTwins,
  title={Barlow Twins: Self-Supervised Learning via Redundancy Reduction},
  author={Zbontar, Jure and Jing, Li and Misra, Ishan and LeCun, Yann and Deny, St{\'e}phane},
  journal={arXiv preprint arXiv:2103.03230},
  year={2021}
}
@article{BYOL,
  title={Bootstrap your own latent-a new approach to self-supervised learning},
  author={Grill, Jean-Bastien and Strub, Florian and Altch{\'e}, Florent and Tallec, Corentin and Richemond, Pierre and Buchatskaya, Elena and Doersch, Carl and Avila Pires, Bernardo and Guo, Zhaohan and Gheshlaghi Azar, Mohammad and others},
  journal={Advances in Neural Information Processing Systems},
  volume={33},
  pages={21271--21284},
  year={2020}
}
@article{transform,
  title={Attention is all you need},
  author={Vaswani, Ashish and Shazeer, Noam and Parmar, Niki and Uszkoreit, Jakob and Jones, Llion and Gomez, Aidan N and Kaiser, {\L}ukasz and Polosukhin, Illia},
  journal={Advances in neural information processing systems},
  volume={30},
  year={2017}
}
@article{capsule_Crohn,
  title={The impact of panenteric capsule endoscopy on the management of Crohn’s disease},
  author={Eliakim, Rami},
  journal={Therapeutic Advances in Gastroenterology},
  volume={10},
  number={9},
  pages={737--744},
  year={2017},
  publisher={SAGE Publications Sage UK: London, England}
}
@inproceedings{deng2009imagenet,
  title={Imagenet: A large-scale hierarchical image database},
  author={Deng, Jia and Dong, Wei and Socher, Richard and Li, Li-Jia and Li, Kai and Fei-Fei, Li},
  booktitle={2009 IEEE conference on computer vision and pattern recognition},
  pages={248--255},
  year={2009},
  organization={Ieee}
}


@article{VGG,
  title={Very deep convolutional networks for large-scale image recognition},
  author={Simonyan, Karen and Zisserman, Andrew},
  journal={arXiv preprint arXiv:1409.1556},
  year={2014}
}
@inproceedings{ResNet,
  title={Deep residual learning for image recognition},
  author={He, Kaiming and Zhang, Xiangyu and Ren, Shaoqing and Sun, Jian},
  booktitle={Proceedings of the IEEE conference on computer vision and pattern recognition},
  pages={770--778},
  year={2016}
}
@article{review_WCE_CNN,
  title={Deep learning for wireless capsule endoscopy: a systematic review and meta-analysis},
  author={Soffer, Shelly and Klang, Eyal and Shimon, Orit and Nachmias, Noy and Eliakim, Rami and Ben-Horin, Shomron and Kopylov, Uri and Barash, Yiftach},
  journal={Gastrointestinal endoscopy},
  volume={92},
  number={4},
  pages={831--839},
  year={2020},
  publisher={Elsevier}
}

@book{saliencyMap_gabor_lbp_svm,
   abstract = {Includes index.},
   author = {Yingju Che},
   isbn = {9781450310895},
   pages = {1540},
   publisher = {ACM},
   title = {MM'12 : proceedings of the 20th ACM International Conference on Multimedia : October 29 - November 2, 2012, Nara, Japan},
   year = {2012},
}

@inproceedings{lbp_sift_bagOfWords_svm,
  title={Ulcer detection in wireless capsule endoscopy images},
  author={Yu, Lecheng and Yuen, Pong C and Lai, Jianhuang},
  booktitle={Proceedings of the 21st International Conference on Pattern Recognition (ICPR2012)},
  pages={45--48},
  year={2012},
  organization={IEEE}
}
@article{colorFeature_3layerMLP,
   abstract = {The wireless capsule endoscopy (WCE) invented by Given Imaging has been gradually used in hospitals due to its great breakthrough that it can view the entire small bowel for gastrointestinal diseases. However, a tough problem associated with this new technology is that too many images to be examined by eyes cause a huge burden to physicians, so it is significant if we can help physicians do diagnosis using computerized methods. In this paper, a new method aimed for bleeding and ulcer detection in WCE images is proposed. This new approach mainly focuses on color feature, also a very powerful clue used by physicians for diagnosis, to judge the status of gastrointestinal tract. We propose a new idea of chromaticity moment as the features to discriminate normal regions and abnormal regions, which make full use of the Tchebichef polynomials and the illumination invariant of HSI color space, and we verify performances of the proposed features by employing neural network classifier. Experimental results on our present image data of bleeding and ulcer show that it is feasible to exploit the proposed chromaticity moments to detect bleeding and ulcer for WCE images. © 2008 Elsevier Ltd. All rights reserved.},
   author = {Baopu Li and Max Q.H. Meng},
   doi = {10.1016/j.compbiomed.2008.11.007},
   issn = {00104825},
   issue = {2},
   journal = {Computers in Biology and Medicine},
   keywords = {Color features,Illumination invariant,Tchebichef polynomials,Wireless capsule endoscopy image},
   month = {2},
   note = {3layerMLP+color feature},
   pages = {141-147},
   pmid = {19147126},
   title = {Computer-based detection of bleeding and ulcer in wireless capsule endoscopy images by chromaticity moments},
   volume = {39},
   year = {2009},
}
@article{alexnet,
  title={Imagenet classification with deep convolutional neural networks},
  author={Krizhevsky, Alex and Sutskever, Ilya and Hinton, Geoffrey E},
  journal={Advances in neural information processing systems},
  volume={25},
  year={2012}
}


@article{DBLP:journals/corr/abs-1805-00932,
  author    = {Dhruv Mahajan and
               Ross B. Girshick and
               Vignesh Ramanathan and
               Kaiming He and
               Manohar Paluri and
               Yixuan Li and
               Ashwin Bharambe and
               Laurens van der Maaten},
  title     = {Exploring the Limits of Weakly Supervised Pretraining},
  journal   = {CoRR},
  volume    = {abs/1805.00932},
  year      = {2018},
  url       = {http://arxiv.org/abs/1805.00932},
  eprinttype = {arXiv},
  eprint    = {1805.00932},
  timestamp = {Mon, 28 Sep 2020 08:19:37 +0200},
  biburl    = {https://dblp.org/rec/journals/corr/abs-1805-00932.bib},
  bibsource = {dblp computer science bibliography, https://dblp.org}
}


@article{DBLP:journals/corr/abs-1708-02862,
  author    = {Wen Li and
               Limin Wang and
               Wei Li and
               Eirikur Agustsson and
               Luc Van Gool},
  title     = {WebVision Database: Visual Learning and Understanding from Web Data},
  journal   = {CoRR},
  volume    = {abs/1708.02862},
  year      = {2017},
  url       = {http://arxiv.org/abs/1708.02862},
  eprinttype = {arXiv},
  eprint    = {1708.02862},
  timestamp = {Mon, 15 Mar 2021 15:43:58 +0100},
  biburl    = {https://dblp.org/rec/journals/corr/abs-1708-02862.bib},
  bibsource = {dblp computer science bibliography, https://dblp.org}
}
@article{review_generativeOrConstrasive,
  title={Self-supervised learning: Generative or contrastive},
  author={Liu, Xiao and Zhang, Fanjin and Hou, Zhenyu and Mian, Li and Wang, Zhaoyu and Zhang, Jing and Tang, Jie},
  journal={IEEE Transactions on Knowledge and Data Engineering},
  year={2021},
  publisher={IEEE}
}
@Article{he2019moco,
  author  = {Kaiming He and Haoqi Fan and Yuxin Wu and Saining Xie and Ross Girshick},
  title   = {Momentum Contrast for Unsupervised Visual Representation Learning},
  journal = {arXiv preprint arXiv:1911.05722},
  year    = {2019},
}

@misc{SimCLR,
  doi = {10.48550/ARXIV.2002.05709},
  
  url = {https://arxiv.org/abs/2002.05709},
  
  author = {Chen, Ting and Kornblith, Simon and Norouzi, Mohammad and Hinton, Geoffrey},
  
  keywords = {Machine Learning (cs.LG), Computer Vision and Pattern Recognition (cs.CV), Machine Learning (stat.ML), FOS: Computer and information sciences, FOS: Computer and information sciences},
  
  title = {A Simple Framework for Contrastive Learning of Visual Representations},
  
  publisher = {arXiv},
  
  year = {2020},
  
  copyright = {arXiv.org perpetual, non-exclusive license}
}


@misc{SwAV,
  doi = {10.48550/ARXIV.2006.09882},
  
  url = {https://arxiv.org/abs/2006.09882},
  
  author = {Caron, Mathilde and Misra, Ishan and Mairal, Julien and Goyal, Priya and Bojanowski, Piotr and Joulin, Armand},
  
  keywords = {Computer Vision and Pattern Recognition (cs.CV), FOS: Computer and information sciences, FOS: Computer and information sciences},
  
  title = {Unsupervised Learning of Visual Features by Contrasting Cluster Assignments},
  
  publisher = {arXiv},
  
  year = {2020},
  
  copyright = {arXiv.org perpetual, non-exclusive license}
}
@misc{PixelCNN,
  doi = {10.48550/ARXIV.1606.05328},
  
  url = {https://arxiv.org/abs/1606.05328},
  
  author = {Oord, Aaron van den and Kalchbrenner, Nal and Vinyals, Oriol and Espeholt, Lasse and Graves, Alex and Kavukcuoglu, Koray},
  
  keywords = {Computer Vision and Pattern Recognition (cs.CV), Machine Learning (cs.LG), FOS: Computer and information sciences, FOS: Computer and information sciences},
  
  title = {Conditional Image Generation with PixelCNN Decoders},
  
  publisher = {arXiv},
  
  year = {2016},
  
  copyright = {arXiv.org perpetual, non-exclusive license}
}
@misc{graphRNN,
  doi = {10.48550/ARXIV.1802.08773},
  
  url = {https://arxiv.org/abs/1802.08773},
  
  author = {You, Jiaxuan and Ying, Rex and Ren, Xiang and Hamilton, William L. and Leskovec, Jure},
  
  keywords = {Machine Learning (cs.LG), Artificial Intelligence (cs.AI), Social and Information Networks (cs.SI), FOS: Computer and information sciences, FOS: Computer and information sciences, I.2.6},
  
  title = {GraphRNN: Generating Realistic Graphs with Deep Auto-regressive Models},
  
  publisher = {arXiv},
  
  year = {2018},
  
  copyright = {arXiv.org perpetual, non-exclusive license}
}
@article{skip_gram,
  title={Distributed representations of words and phrases and their compositionality},
  author={Mikolov, Tomas and Sutskever, Ilya and Chen, Kai and Corrado, Greg S and Dean, Jeff},
  journal={Advances in neural information processing systems},
  volume={26},
  year={2013}
}
@inproceedings{perozzi2014deepwalk,
  title={Deepwalk: Online learning of social representations},
  author={Perozzi, Bryan and Al-Rfou, Rami and Skiena, Steven},
  booktitle={Proceedings of the 20th ACM SIGKDD international conference on Knowledge discovery and data mining},
  pages={701--710},
  year={2014}
}

@article{taylor1953cloze,
  title={“Cloze procedure”: A new tool for measuring readability},
  author={Taylor, Wilson L},
  journal={Journalism quarterly},
  volume={30},
  number={4},
  pages={415--433},
  year={1953},
  publisher={SAGE Publications Sage CA: Los Angeles, CA}
}
@article{devlin2018bert,
  title={Bert: Pre-training of deep bidirectional transformers for language understanding},
  author={Devlin, Jacob and Chang, Ming-Wei and Lee, Kenton and Toutanova, Kristina},
  journal={arXiv preprint arXiv:1810.04805},
  year={2018}
}

@inproceedings{hu2020gpt-gnn,
  title={Gpt-gnn: Generative pre-training of graph neural networks},
  author={Hu, Ziniu and Dong, Yuxiao and Wang, Kuansan and Chang, Kai-Wei and Sun, Yizhou},
  booktitle={Proceedings of the 26th ACM SIGKDD International Conference on Knowledge Discovery \& Data Mining},
  pages={1857--1867},
  year={2020}
}
@article{kingma2013VAEs,
  title={Auto-encoding variational bayes},
  author={Kingma, Diederik P and Welling, Max},
  journal={arXiv preprint arXiv:1312.6114},
  year={2013}
}
@article{van2017neural_VQ_VAE,
  title={Neural discrete representation learning},
  author={Van Den Oord, Aaron and Vinyals, Oriol and others},
  journal={Advances in neural information processing systems},
  volume={30},
  year={2017}
}
@article{razavi2019generating_vq_vae_2,
  title={Generating diverse high-fidelity images with vq-vae-2},
  author={Razavi, Ali and Van den Oord, Aaron and Vinyals, Oriol},
  journal={Advances in neural information processing systems},
  volume={32},
  year={2019}
}

@article{kipf2016variational_VGAE,
  title={Variational graph auto-encoders},
  author={Kipf, Thomas N and Welling, Max},
  journal={arXiv preprint arXiv:1611.07308},
  year={2016}
}
@inproceedings{zhu2018deep_DVNE,
  title={Deep variational network embedding in wasserstein space},
  author={Zhu, Dingyuan and Cui, Peng and Wang, Daixin and Zhu, Wenwu},
  booktitle={Proceedings of the 24th ACM SIGKDD international conference on knowledge discovery \& data mining},
  pages={2827--2836},
  year={2018}
}


@InProceedings{mathieu2015masked_MADE,
  title = 	 {MADE: Masked Autoencoder for Distribution Estimation},
  author = 	 {Germain, Mathieu and Gregor, Karol and Murray, Iain and Larochelle, Hugo},
  booktitle = 	 {Proceedings of the 32nd International Conference on Machine Learning},
  pages = 	 {881--889},
  year = 	 {2015},
  editor = 	 {Bach, Francis and Blei, David},
  volume = 	 {37},
  series = 	 {Proceedings of Machine Learning Research},
  address = 	 {Lille, France},
  month = 	 {07--09 Jul},
  publisher =    {PMLR},
  pdf = 	 {http://proceedings.mlr.press/v37/germain15.pdf},
  url = 	 {https://proceedings.mlr.press/v37/germain15.html},
  abstract = 	 {There has been a lot of recent interest in designing neural network models to estimate a distribution from a set of examples. We introduce a simple modification for autoencoder neural networks that yields powerful generative models. Our method masks the autoencoder’s parameters to respect autoregressive constraints: each input is reconstructed only from previous inputs in a given ordering. Constrained this way, the autoencoder outputs can be interpreted as a set of conditional probabilities, and their product, the full joint probability. We can also train a single network that can decompose the joint probability in multiple different orderings. Our simple framework can be applied to multiple architectures, including deep ones. Vectorized implementations, such as on GPUs, are simple and fast. Experiments demonstrate that this approach is competitive with state-of-the-art tractable distribution estimators. At test time, the method is significantly faster and scales better than other autoregressive estimators.}
}

@article{yang2019xlnet_PLM,
  title={Xlnet: Generalized autoregressive pretraining for language understanding},
  author={Yang, Zhilin and Dai, Zihang and Yang, Yiming and Carbonell, Jaime and Salakhutdinov, Russ R and Le, Quoc V},
  journal={Advances in neural information processing systems},
  volume={32},
  year={2019}
}
@article{shi2020graphaf,
  title={Graphaf: a flow-based autoregressive model for molecular graph generation},
  author={Shi, Chence and Xu, Minkai and Zhu, Zhaocheng and Zhang, Weinan and Zhang, Ming and Tang, Jian},
  journal={arXiv preprint arXiv:2001.09382},
  year={2020}
}
@inproceedings{noroozi2016unsupervised_jigsaw,
  title={Unsupervised learning of visual representations by solving jigsaw puzzles},
  author={Noroozi, Mehdi and Favaro, Paolo},
  booktitle={European conference on computer vision},
  pages={69--84},
  year={2016},
  organization={Springer}
}
@article{hjelm2018learning_deepInfoMax,
  title={Learning deep representations by mutual information estimation and maximization},
  author={Hjelm, R Devon and Fedorov, Alex and Lavoie-Marchildon, Samuel and Grewal, Karan and Bachman, Phil and Trischler, Adam and Bengio, Yoshua},
  journal={arXiv preprint arXiv:1808.06670},
  year={2018}
}
@article{jia2018highly_amp,
  title={Highly scalable deep learning training system with mixed-precision: Training imagenet in four minutes},
  author={Jia, Xianyan and Song, Shutao and He, Wei and Wang, Yangzihao and Rong, Haidong and Zhou, Feihu and Xie, Liqiang and Guo, Zhenyu and Yang, Yuanzhou and Yu, Liwei and others},
  journal={arXiv preprint arXiv:1807.11205},
  year={2018}
}
@article{you2017scaling_lars,
  title={Scaling sgd batch size to 32k for imagenet training},
  author={You, Yang and Gitman, Igor and Ginsburg, Boris},
  journal={arXiv preprint arXiv:1708.03888},
  volume={6},
  number={12},
  pages={6},
  year={2017}
}
@misc{simsiam,
  doi = {10.48550/ARXIV.2011.10566},
  
  url = {https://arxiv.org/abs/2011.10566},
  
  author = {Chen, Xinlei and He, Kaiming},
  
  keywords = {Computer Vision and Pattern Recognition (cs.CV), Machine Learning (cs.LG), FOS: Computer and information sciences, FOS: Computer and information sciences},
  
  title = {Exploring Simple Siamese Representation Learning},
  
  publisher = {arXiv},
  
  year = {2020},
  
  copyright = {arXiv.org perpetual, non-exclusive license}
}

@article{InstDisc_Wu2018UnsupervisedFL,
  title={Unsupervised Feature Learning via Non-parametric Instance Discrimination},
  author={Zhirong Wu and Yuanjun Xiong and Stella X. Yu and Dahua Lin},
  journal={2018 IEEE/CVF Conference on Computer Vision and Pattern Recognition},
  year={2018},
  pages={3733-3742}
}
@article{InvaSpread_Ye2019UnsupervisedEL,
  title={Unsupervised Embedding Learning via Invariant and Spreading Instance Feature},
  author={Mang Ye and Xu Zhang and PongChi Yuen and Shih-Fu Chang},
  journal={2019 IEEE/CVF Conference on Computer Vision and Pattern Recognition (CVPR)},
  year={2019},
  pages={6203-6212}
}
@article{CPC_Oord2018RepresentationLW,
  title={Representation Learning with Contrastive Predictive Coding},
  author={A{\"a}ron van den Oord and Yazhe Li and Oriol Vinyals},
  journal={ArXiv},
  year={2018},
  volume={abs/1807.03748}
}
@misc{byol_pytorch_yaox12,

title = {BYOL-PyTorch},

year={2020},

howpublished = {\url{https://github.com/yaox12/BYOL-PyTorch}}

}
@inproceedings{S4L_self-supervised_semi-supervised_learning_zhai2019s4l,
  title={S4l: Self-supervised semi-supervised learning},
  author={Zhai, Xiaohua and Oliver, Avital and Kolesnikov, Alexander and Beyer, Lucas},
  booktitle={Proceedings of the IEEE/CVF International Conference on Computer Vision},
  pages={1476--1485},
  year={2019}
}
@article{LARS_you2017scaling,
  title={Scaling sgd batch size to 32k for imagenet training},
  author={You, Yang and Gitman, Igor and Ginsburg, Boris},
  journal={arXiv preprint arXiv:1708.03888},
  volume={6},
  number={12},
  pages={6},
  year={2017}
}
@article{LR_linear_scaledgoyal2017accurate,
  title={Accurate, large minibatch sgd: Training imagenet in 1 hour},
  author={Goyal, Priya and Doll{\'a}r, Piotr and Girshick, Ross and Noordhuis, Pieter and Wesolowski, Lukasz and Kyrola, Aapo and Tulloch, Andrew and Jia, Yangqing and He, Kaiming},
  journal={arXiv preprint arXiv:1706.02677},
  year={2017}
}
@article{warmup_loshchilov2016sgdr,
  title={Sgdr: Stochastic gradient descent with warm restarts},
  author={Loshchilov, Ilya and Hutter, Frank},
  journal={arXiv preprint arXiv:1608.03983},
  year={2016}
}
@article{moco_v2_chen2020improved,
  title={Improved baselines with momentum contrastive learning},
  author={Chen, Xinlei and Fan, Haoqi and Girshick, Ross and He, Kaiming},
  journal={arXiv preprint arXiv:2003.04297},
  year={2020}
}
@article{simclr_v2_chen2020big,
  title={Big self-supervised models are strong semi-supervised learners},
  author={Chen, Ting and Kornblith, Simon and Swersky, Kevin and Norouzi, Mohammad and Hinton, Geoffrey E},
  journal={Advances in neural information processing systems},
  volume={33},
  pages={22243--22255},
  year={2020}
}
%-----------svm on crohn's disease------------
@inproceedings{bejakovic2009analysis,
  title={Analysis of Crohn's disease lesions in capsule endoscopy images},
  author={Bejakovic, Srdan and Kumar, Rajesh and Dassopoulos, Themistocles and Mullin, Gerard and Hager, Gregory},
  booktitle={2009 IEEE International Conference on Robotics and Automation},
  pages={2793--2798},
  year={2009},
  organization={IEEE}
}
@inproceedings{karargyris2009identification,
  title={Identification of ulcers in wireless capsule endoscopy videos},
  author={Karargyris, Alexandros and Bourbakis, Nikolaos},
  booktitle={2009 IEEE International Symposium on Biomedical Imaging: From Nano to Macro},
  pages={554--557},
  year={2009},
  organization={IEEE}
}
@inproceedings{girgis2010intelligent,
  title={An intelligent system to detect Crohn's disease inflammation in Wireless Capsule Endoscopy videos},
  author={Girgis, Hani Z and Mitchell, BR and Dassopoulos, Themistocles and Mullin, Gerard and Hager, Gregory},
  booktitle={2010 IEEE international symposium on biomedical imaging: from Nano to macro},
  pages={1373--1376},
  year={2010},
  organization={IEEE}
}
@article{kumar2011assessment,
  title={Assessment of Crohn’s disease lesions in wireless capsule endoscopy images},
  author={Kumar, Rajesh and Zhao, Qian and Seshamani, Sharmishtaa and Mullin, Gerard and Hager, Gregory and Dassopoulos, Themistocles},
  journal={IEEE Transactions on biomedical engineering},
  volume={59},
  number={2},
  pages={355--362},
  year={2011},
  publisher={IEEE}
}
@incollection{hajo2012segmentation,
  title={Segmentation of crohn, lymphangiectasia, xanthoma, lymphoid hyperplasia and stenosis diseases in wce},
  author={Hajo-Maghsoudi, Omid and Talebpour, Alireza and Soltanian-Zadeh, Hamid and Haji-Maghsoodi, N},
  booktitle={Quality of Life through Quality of Information},
  pages={143--147},
  year={2012},
  publisher={IOS Press}
}
@inproceedings{chen2012ulcer,
  title={Ulcer detection in wireless capsule endoscopy video},
  author={Chen, Yingju and Lee, Jeongkyu},
  booktitle={Proceedings of the 20th ACM international conference on Multimedia},
  pages={1181--1184},
  year={2012}
}
@article{charisis2012capsule,
  title={Capsule endoscopy image analysis using texture information from various colour models},
  author={Charisis, Vasileios S and Hadjileontiadis, Leontios J and Liatsos, Christos N and Mavrogiannis, Christos C and Sergiadis, George D},
  journal={Computer methods and programs in biomedicine},
  volume={107},
  number={1},
  pages={61--74},
  year={2012},
  publisher={Elsevier}
}
@inproceedings{eid2013curvelet,
  title={A curvelet-based lacunarity approach for ulcer detection from wireless capsule endoscopy images},
  author={Eid, Alexis and Charisis, Vasileios S and Hadjileontiadis, Leontios J and Sergiadis, George D},
  booktitle={Proceedings of the 26th IEEE International Symposium on Computer-Based Medical Systems},
  pages={273--278},
  year={2013},
  organization={IEEE}
}
@article{szczypinski2014texture,
  title={Texture and color based image segmentation and pathology detection in capsule endoscopy videos},
  author={Szczypi{\'n}ski, Piotr and Klepaczko, Artur and Pazurek, Marek and Daniel, Piotr},
  journal={Computer methods and programs in biomedicine},
  volume={113},
  number={1},
  pages={396--411},
  year={2014},
  publisher={Elsevier}
}
@article{yeh2014bleeding,
  title={Bleeding and ulcer detection using wireless capsule endoscopy images},
  author={Yeh, Jinn-Yi and Wu, Tai-Hsi and Tsai, Wei-Jun and others},
  journal={Journal of Software Engineering and Applications},
  volume={7},
  number={05},
  pages={422},
  year={2014},
  publisher={Scientific Research Publishing}
}
@article{iakovidis2014automatic,
  title={Automatic lesion detection in capsule endoscopy based on color saliency: closer to an essential adjunct for reviewing software},
  author={Iakovidis, Dimitris K and Koulaouzidis, Anastasios},
  journal={Gastrointestinal endoscopy},
  volume={80},
  number={5},
  pages={877--883},
  year={2014},
  publisher={Elsevier}
}
@article{yuan2015saliency,
  title={Saliency based ulcer detection for wireless capsule endoscopy diagnosis},
  author={Yuan, Yixuan and Wang, Jiaole and Li, Baopu and Meng, Max Q-H},
  journal={IEEE transactions on medical imaging},
  volume={34},
  number={10},
  pages={2046--2057},
  year={2015},
  publisher={IEEE}
}
@article{charisis2016use,
  title={Use of adaptive hybrid filtering process in Crohn's disease lesion detection from real capsule endoscopy videos},
  author={Charisis, Vasileios S and Hadjileontiadis, Leontios J},
  journal={Healthcare technology letters},
  volume={3},
  number={1},
  pages={27--33},
  year={2016},
  publisher={Wiley Online Library}
}
@article{liaqat2018automated,
  title={Automated ulcer and bleeding classification from WCE images using multiple features fusion and selection},
  author={Liaqat, Amna and Khan, Muhammad Attique and Shah, Jamal Hussain and Sharif, Muhammad and Yasmin, Mussarat and Fernandes, Steven Lawrence},
  journal={Journal of Mechanics in Medicine and Biology},
  volume={18},
  number={04},
  pages={1850038},
  year={2018},
  publisher={World Scientific}
}
@inproceedings{alotaibi2013empirical,
  title={Empirical comparison of visual descriptors for multiple bleeding spots recognition in wireless capsule endoscopy video},
  author={Alotaibi, Sarah and Qasim, Sahar and Bchir, Ouiem and Ben Ismail, Mohamed Maher},
  booktitle={International Conference on Computer Analysis of Images and Patterns},
  pages={402--407},
  year={2013},
  organization={Springer}
}
@article{souaidi2019multi,
  title={Multi-scale analysis of ulcer disease detection from WCE images},
  author={Souaidi, Meryem and Ansari, Mohamed El},
  journal={IET Image Processing},
  volume={13},
  number={12},
  pages={2233--2244},
  year={2019},
  publisher={Wiley Online Library}
}
%---------------deep learning on Crohn's disease--------------
@inproceedings{georgakopoulos2016weakly,
  title={Weakly-supervised convolutional learning for detection of inflammatory gastrointestinal lesions},
  author={Georgakopoulos, Spiros V and Iakovidis, Dimitris K and Vasilakakis, Michael and Plagianakos, Vassilis P and Koulaouzidis, Anastasios},
  booktitle={2016 IEEE international conference on imaging systems and techniques (IST)},
  pages={510--514},
  year={2016},
  organization={IEEE}
}
@article{fan2018computer,
  title={Computer-aided detection of small intestinal ulcer and erosion in wireless capsule endoscopy images},
  author={Fan, Shanhui and Xu, Lanmeng and Fan, Yihong and Wei, Kaihua and Li, Lihua},
  journal={Physics in Medicine \& Biology},
  volume={63},
  number={16},
  pages={165001},
  year={2018},
  publisher={IOP Publishing}
}
@article{aoki2019automatic,
  title={Automatic detection of erosions and ulcerations in wireless capsule endoscopy images based on a deep convolutional neural network},
  author={Aoki, Tomonori and Yamada, Atsuo and Aoyama, Kazuharu and Saito, Hiroaki and Tsuboi, Akiyoshi and Nakada, Ayako and Niikura, Ryota and Fujishiro, Mitsuhiro and Oka, Shiro and Ishihara, Soichiro and others},
  journal={Gastrointestinal endoscopy},
  volume={89},
  number={2},
  pages={357--363},
  year={2019},
  publisher={Elsevier}
}
@article{alaskar2019application,
  title={Application of convolutional neural networks for automated ulcer detection in wireless capsule endoscopy images},
  author={Alaskar, Haya and Hussain, Abir and Al-Aseem, Nourah and Liatsis, Panos and Al-Jumeily, Dhiya},
  journal={Sensors},
  volume={19},
  number={6},
  pages={1265},
  year={2019},
  publisher={MDPI}
}
@inproceedings{crohIPI,
  TITLE = {{CrohnIPI: An endoscopic image database for the evaluation of automatic Crohn's disease lesions recognition algorithms}},
  AUTHOR = {Vall{\'e}e, R{\'e}mi and de Maissin, Astrid and Coutrot, Antoine and Mouch{\`e}re, Harold and Bourreille, Arnaud and Normand, Nicolas},
  URL = {https://hal.archives-ouvertes.fr/hal-02518263},
  BOOKTITLE = {{SPIE Medical Imaging}},
  ADDRESS = {Houston, France},
  PUBLISHER = {{SPIE}},
  SERIES = {Proc. SPIE, Medical Imaging 2020: Biomedical Applications in Molecular, Structural, and Functional Imaging},
  VOLUME = {11317},
  PAGES = {61},
  YEAR = {2020},
  MONTH = Feb,
  DOI = {10.1117/12.2543584},
  KEYWORDS = {Dataset ; Video Capsule Endoscopic ; Deep learning ; Crohn's disease},
  PDF = {https://hal.archives-ouvertes.fr/hal-02518263/file/Vallee2019_spie_medical_imaging.pdf},
  HAL_ID = {hal-02518263},
  HAL_VERSION = {v1},
}
@article{de2021multi,
  title={Multi-expert annotation of Crohn’s disease images of the small bowel for automatic detection using a convolutional recurrent attention neural network},
  author={de Maissin, Astrid and Vall{\'e}e, Remi and Flamant, Mathurin and Fondain-Bossiere, Marie and Le Berre, Catherine and Coutrot, Antoine and Normand, Nicolas and Mouch{\`e}re, Harold and Coudol, Sandrine and Trang, Caroline and others},
  journal={Endoscopy International Open},
  volume={9},
  number={07},
  pages={E1136--E1144},
  year={2021},
  publisher={Georg Thieme Verlag KG}
}
@inproceedings{jia2017gastrointestinal,
  title={Gastrointestinal bleeding detection in wireless capsule endoscopy images using handcrafted and CNN features},
  author={Jia, Xiao and Meng, Max Q-H},
  booktitle={2017 39th annual international conference of the IEEE Engineering in Medicine and Biology Society (EMBC)},
  pages={3154--3157},
  year={2017},
  organization={IEEE}
}
@inproceedings{jia2016deep,
  title={A deep convolutional neural network for bleeding detection in wireless capsule endoscopy images},
  author={Jia, Xiao and Meng, Max Q-H},
  booktitle={2016 38th annual international conference of the IEEE engineering in medicine and biology society (EMBC)},
  pages={639--642},
  year={2016},
  organization={IEEE}
}
@article{segui2016generic,
  title={Generic feature learning for wireless capsule endoscopy analysis},
  author={Segu{\'\i}, Santi and Drozdzal, Michal and Pascual, Guillem and Radeva, Petia and Malagelada, Carolina and Azpiroz, Fernando and Vitri{\`a}, Jordi},
  journal={Computers in biology and medicine},
  volume={79},
  pages={163--172},
  year={2016},
  publisher={Elsevier}
}